@article{lasry2007mean,
  title={Mean field games},
  author={Lasry, Jean-Michel and Lions, Pierre-Louis},
  journal={Japanese journal of mathematics},
  volume={2},
  number={1},
  pages={229--260},
  year={2007},
  publisher={Springer}
}

@article{carmona2013mean,
  title={Mean field forward-backward stochastic differential equations},
  author={Carmona, Ren{\'e} and Delarue, Fran{\c{c}}ois},
  year={2013}
}

@book{cousin2010paris,
  title={Paris-Princeton lectures on mathematical finance 2010},
  author={Cousin, Areski and Cr{\'e}pey, St{\'e}phane and Gu{\'e}ant, Olivier and Hobson, David and Jeanblanc, Monique and Lasry, Jean-Michel and Laurent, Jean-Paul and Lions, Pierre-Louis and Tankov, Peter},
  year={2010},
  publisher={Springer}
}
